@article {  outliers-impact,
  author = "Sang Kyu Kwak, Jong Hae Kim",
  title = "Statistical data preparation: management of missing values and outliers",
  year = "2017",
  note = "Dostępny w Internecie:\\ \url{https://www.ncbi.nlm.nih.gov/pmc/articles/PMC5548942/}"
}

@article { python,
  author = "Python Software Foundation",
  title = "Python 3.7.1 documentation",
  year = "2018",
  note = "Dostępny w Internecie:\\ \url{https://docs.python.org/3/}"
}
  
@article { numpy,
  author = "Scipy community",
  title = "NumPy Reference",
  year = "2017",
  note = "Dostępny w Internecie:\\ \url{https://docs.scipy.org/doc/numpy-1.13.0/reference/}"
}

@article { Pandas,
  author = "pandas",
  title = "pandas 0.23.4 documentation ",
  year = "2018",
  note = "Dostępny w Internecie:\\ \url{https://pandas.pydata.org/pandas-docs/version/0.23.4/}"
}

@article { cassandra,
  author = "DataStax",
  title = "Apache Cassandra 3.0 for DSE 5.0",
  year = "2017",
  note = "Dostępny w Internecie:\\ \url{https://docs.datastax.com/en/cassandra/3.0/}"
}

@article { cassandra-driver,
  author = "DataStax",
  title = "Python Cassandra Driver",
  year = "2017",
  note = "Dostępny w Internecie:\\ \url{https://datastax.github.io/python-driver/}"
}

@article { react,
  author = "Facebook Inc.",
  title = "React documentation",
  year = "2018",
  note = "Dostępny w Internecie:\\ \url{https://reactjs.org/docs/getting-started.html}"
}

@article { react-chart,
  author = "Rakan Nimer",
  title = "React Google Charts",
  year = "2018",
  note = "Dostępny w Internecie:\\ \url{https://react-google-charts.com/}"
}

@article { outliers-basic,
  author = "Natasha Sharma",
  title = "Ways to Detect and Remove the Outliers",
  year = "2018",
  note = "Dostępny w Internecie:\\ \url{https://towardsdatascience.com/ways-to-detect-and-remove-the-outliers-404d16608dba}"
}

@article { isolation-forest,
  author = "Eryk Lewinson",
  title = "Outlier Detection with Isolation Forest",
  year = "2018",
  note = "Dostępny w Internecie:\\ \url{https://towardsdatascience.com/outlier-detection-with-isolation-forest-3d190448d45e}"
}

@article{novelty,
 title={Scikit-learn: Machine Learning in {P}ython, Novelty and Outlier Detection},
 author={Pedregosa, F. and Varoquaux, G. and Gramfort, A. and Michel, V.
         and Thirion, B. and Grisel, O. and Blondel, M. and Prettenhofer, P.
         and Weiss, R. and Dubourg, V. and Vanderplas, J. and Passos, A. and
         Cournapeau, D. and Brucher, M. and Perrot, M. and Duchesnay, E.},
 journal={Journal of Machine Learning Research},
 volume={12},
 pages={2825--2830},
 year={2011},
 note = "Dostępny w Internecie:\\ \url{https://scikit-learn.org/stable/modules/outlier_detection.html}"
}